@misc{subject:taa,
  author    = {Calonge Cano, Teodoro and Alonso GonzáLez, Carlos Javier},
  title     = {{Técnicas de Aprendizaje Autómatico}},
  year      = {2016/17},
  publisher = {E.T.S. Ingeniería Informática de la Universidad de valladolid}
}

@misc{github:ismtabo-treetograph,
  author    = {Taboada Rodero, Ismael José},
  title     = {{treetograph}},
  note      = { \url{https://github.com/ismtabo/treetograph}}
}

@misc{github:garciparedes-python-examples,
  author    = {García Prado, Sergio},
  title     = {{Python Examples}},
  note      = {\url{https://github.com/garciparedes/python-examples}},
}
